% @online{a,
%   author = {A},
%   title  = {A},
%   url    = {http://a.com}
% }

% @online{b,
%   author  = {MultiMedia LLC},
%   title   = {{MS Windows NT} Kernel Description},
%   year    = 1999,
%   url     = {http://web.archive.org/web/20080207010024/http://www.808multimedia.com/winnt/kernel.htm},
%   urldate = {2010-09-30}
% }

% @misc{web:lang:stats,
%   author = {W3Techs},
%   title  = {Usage Statistics of Content Languages
%             for Websites},
%   year   = {2017},
%   note   = {Last accessed 16 September 2017},
%   url    = {http://w3techs.com/technologies/overview/content_language/all}
% }
%  @misc{enwiki:1064642777,
%   author       = {{Wikipedia contributors}},
%   title        = {ADAS --- {Wikipedia}{,} The Free Encyclopedia},
%   year         = {2022},
%   howpublished = {\url{https://en.wikipedia.org/w/index.php?title=ADAS&oldid=1064642777}},
%   note         = {[Online; accessed 15-April-2023]}
% }
% --------------------
%  ESP32
@online{ESP32:socs,
  author  = {Espressif Systems},
  title   = {ESP32 SoCs},
  year    = 2023,
  url     = {https://www.espressif.com/en/products/socs},
  urldate = {2023-04-16}
}
@online{ESP32:datasheet,
  author  = {Espressif Systems},
  title   = {ESP32 Datasheet},
  year    = 2023,
  url     = {https://www.espressif.com/sites/default/files/documentation/esp32_datasheet_en.pdf},
  urldate = {2023-04-16}
}
% --------------------
%  RASBERRY PI PICO
@online{PICO:datasheet,
  author  = {Raspberry Pi Foundation},
  title   = {Raspberry Pi Pico Datasheet},
  year    = 2023,
  url     = {https://datasheets.raspberrypi.com/pico/pico-datasheet.pdf},
  urldate = {2023-04-16}
}
@online{PICO:doc,
  author  = {Raspberry Pi Foundation},
  title   = {Raspberry Pi Documentation},
  year    = 2023,
  url     = {https://www.raspberrypi.com/documentation/microcontrollers/raspberry-pi-pico.html},
  urldate = {2023-04-16}
}

% % --------------------
% %  STM32
@online{STM32:overview,
  author  = {STMicroelectronics},
  title   = {STM32 Overwiev},
  year    = 2023,
  url     = https://www.st.com/en/microcontrollers-microprocessors/stm32-32-bit-arm-cortex-mcus.html,
  urldate = {2023-04-23}
}

% ---
% RFC
@online{RFC:uuid,
  author  = {ietf},
  title   = {A Universally Unique IDentifier (UUID) URN Namespace},
  year    = 2005,
  url     = https://datatracker.ietf.org/doc/html/rfc4122,
  urldate = {2023-04-23}
}
